%YAML 1.1
%TAG !u! tag:unity3d.com,2011:
--- !u!1 &1914823760475827649
GameObject:
  m_ObjectHideFlags: 0
  m_CorrespondingSourceObject: {fileID: 0}
  m_PrefabInstance: {fileID: 0}
  m_PrefabAsset: {fileID: 0}
  serializedVersion: 6
  m_Component:
  - component: {fileID: 1914823760475861473}
  - component: {fileID: 1914823760474567105}
  - component: {fileID: 1914823760473568001}
  - component: {fileID: 7383050115228320027}
  m_Layer: 0
  m_Name: Life
  m_TagString: Untagged
  m_Icon: {fileID: 0}
  m_NavMeshLayer: 0
  m_StaticEditorFlags: 0
  m_IsActive: 1
--- !u!4 &1914823760475861473
Transform:
  m_ObjectHideFlags: 0
  m_CorrespondingSourceObject: {fileID: 0}
  m_PrefabInstance: {fileID: 0}
  m_PrefabAsset: {fileID: 0}
  m_GameObject: {fileID: 1914823760475827649}
  m_LocalRotation: {x: 0, y: 0, z: 0, w: 1}
  m_LocalPosition: {x: 0, y: 0.76, z: 5.8}
  m_LocalScale: {x: 5, y: 5, z: 5}
  m_Children:
  - {fileID: 6183591675256855252}
  m_Father: {fileID: 0}
  m_RootOrder: 0
  m_LocalEulerAnglesHint: {x: 0, y: 0, z: 0}
--- !u!33 &1914823760474567105
MeshFilter:
  m_ObjectHideFlags: 0
  m_CorrespondingSourceObject: {fileID: 0}
  m_PrefabInstance: {fileID: 0}
  m_PrefabAsset: {fileID: 0}
  m_GameObject: {fileID: 1914823760475827649}
  m_Mesh: {fileID: 4300000, guid: a8c8c7ae1dea8eb4ea155e8990e29af4, type: 3}
--- !u!23 &1914823760473568001
MeshRenderer:
  m_ObjectHideFlags: 0
  m_CorrespondingSourceObject: {fileID: 0}
  m_PrefabInstance: {fileID: 0}
  m_PrefabAsset: {fileID: 0}
  m_GameObject: {fileID: 1914823760475827649}
  m_Enabled: 1
  m_CastShadows: 1
  m_ReceiveShadows: 1
  m_DynamicOccludee: 1
  m_MotionVectors: 1
  m_LightProbeUsage: 0
  m_ReflectionProbeUsage: 1
  m_RayTracingMode: 2
  m_RenderingLayerMask: 1
  m_RendererPriority: 0
  m_Materials:
  - {fileID: 2100000, guid: c1ffdbba0e7ff2c4491909c885aa41f4, type: 2}
  m_StaticBatchInfo:
    firstSubMesh: 0
    subMeshCount: 0
  m_StaticBatchRoot: {fileID: 0}
  m_ProbeAnchor: {fileID: 0}
  m_LightProbeVolumeOverride: {fileID: 0}
  m_ScaleInLightmap: 1
  m_ReceiveGI: 1
  m_PreserveUVs: 0
  m_IgnoreNormalsForChartDetection: 0
  m_ImportantGI: 0
  m_StitchLightmapSeams: 1
  m_SelectedEditorRenderState: 3
  m_MinimumChartSize: 4
  m_AutoUVMaxDistance: 0.5
  m_AutoUVMaxAngle: 89
  m_LightmapParameters: {fileID: 0}
  m_SortingLayerID: 0
  m_SortingLayer: 0
  m_SortingOrder: 0
--- !u!114 &7383050115228320027
MonoBehaviour:
  m_ObjectHideFlags: 0
  m_CorrespondingSourceObject: {fileID: 0}
  m_PrefabInstance: {fileID: 0}
  m_PrefabAsset: {fileID: 0}
  m_GameObject: {fileID: 1914823760475827649}
  m_Enabled: 1
  m_EditorHideFlags: 0
  m_Script: {fileID: 11500000, guid: cfb97c371b7c6f041ba32c03181f6360, type: 3}
  m_Name: 
  m_EditorClassIdentifier: 
  speed: {x: 0, y: 20, z: 0}
  worldRelativity: 0
  getEffectFromGlobalSpeed: 0
  directionRandomness: 1
  magnitudeRandomness: 3
--- !u!1001 &6548574995006131696
PrefabInstance:
  m_ObjectHideFlags: 0
  serializedVersion: 2
  m_Modification:
    m_TransformParent: {fileID: 1914823760475861473}
    m_Modifications:
    - target: {fileID: 1094851480044946472, guid: d77d57a27fd65e34eaca62db637b1285,
        type: 3}
      propertyPath: m_Name
      value: Butterfly (1)
      objectReference: {fileID: 0}
    - target: {fileID: 1094851480045213476, guid: d77d57a27fd65e34eaca62db637b1285,
        type: 3}
      propertyPath: m_LocalPosition.x
      value: 0
      objectReference: {fileID: 0}
    - target: {fileID: 1094851480045213476, guid: d77d57a27fd65e34eaca62db637b1285,
        type: 3}
      propertyPath: m_LocalPosition.y
      value: 0.082
      objectReference: {fileID: 0}
    - target: {fileID: 1094851480045213476, guid: d77d57a27fd65e34eaca62db637b1285,
        type: 3}
      propertyPath: m_LocalPosition.z
      value: 0
      objectReference: {fileID: 0}
    - target: {fileID: 1094851480045213476, guid: d77d57a27fd65e34eaca62db637b1285,
        type: 3}
      propertyPath: m_LocalRotation.x
      value: -0.7071068
      objectReference: {fileID: 0}
    - target: {fileID: 1094851480045213476, guid: d77d57a27fd65e34eaca62db637b1285,
        type: 3}
      propertyPath: m_LocalRotation.y
      value: -0
      objectReference: {fileID: 0}
    - target: {fileID: 1094851480045213476, guid: d77d57a27fd65e34eaca62db637b1285,
        type: 3}
      propertyPath: m_LocalRotation.z
      value: -0
      objectReference: {fileID: 0}
    - target: {fileID: 1094851480045213476, guid: d77d57a27fd65e34eaca62db637b1285,
        type: 3}
      propertyPath: m_LocalRotation.w
      value: 0.7071068
      objectReference: {fileID: 0}
    - target: {fileID: 1094851480045213476, guid: d77d57a27fd65e34eaca62db637b1285,
        type: 3}
      propertyPath: m_RootOrder
      value: 0
      objectReference: {fileID: 0}
    - target: {fileID: 1094851480045213476, guid: d77d57a27fd65e34eaca62db637b1285,
        type: 3}
      propertyPath: m_LocalEulerAnglesHint.x
      value: -90
      objectReference: {fileID: 0}
    - target: {fileID: 1094851480045213476, guid: d77d57a27fd65e34eaca62db637b1285,
        type: 3}
      propertyPath: m_LocalEulerAnglesHint.y
      value: 0
      objectReference: {fileID: 0}
    - target: {fileID: 1094851480045213476, guid: d77d57a27fd65e34eaca62db637b1285,
        type: 3}
      propertyPath: m_LocalEulerAnglesHint.z
      value: 0
      objectReference: {fileID: 0}
    - target: {fileID: 1094851480045213476, guid: d77d57a27fd65e34eaca62db637b1285,
        type: 3}
      propertyPath: m_LocalScale.x
      value: 0.40000007
      objectReference: {fileID: 0}
    - target: {fileID: 1094851480045213476, guid: d77d57a27fd65e34eaca62db637b1285,
        type: 3}
      propertyPath: m_LocalScale.y
      value: 0.4
      objectReference: {fileID: 0}
    - target: {fileID: 1094851480045213476, guid: d77d57a27fd65e34eaca62db637b1285,
        type: 3}
      propertyPath: m_LocalScale.z
      value: 0.39999998
      objectReference: {fileID: 0}
    m_RemovedComponents: []
  m_SourcePrefab: {fileID: 100100000, guid: d77d57a27fd65e34eaca62db637b1285, type: 3}
--- !u!4 &6183591675256855252 stripped
Transform:
  m_CorrespondingSourceObject: {fileID: 1094851480045213476, guid: d77d57a27fd65e34eaca62db637b1285,
    type: 3}
  m_PrefabInstance: {fileID: 6548574995006131696}
  m_PrefabAsset: {fileID: 0}
